@book{test,
    author = "Acereda, Pablo",
    title = "My First Book",
    year = "2019",
    publisher = "Pablo Publishing"
    }
